
% Journals

% First the Full Name is given, then the abbreviation used in the AMS Math
% Reviews, with an indication if it could not be found there.
% Note the 2nd overwrites the 1st, so swap them if you want the full name.

 %{AMS}
 @String{AMSTrans = "American Mathematical Society Translations" }
 @String{AMSTrans = "Amer. Math. Soc. Transl." }
 @String{BullAMS = "Bulletin of the American Mathematical Society" }
 @String{BullAMS = "Bull. Amer. Math. Soc." }
 @String{ProcAMS = "Proceedings of the American Mathematical Society" }
 @String{ProcAMS = "Proc. Amer. Math. Soc." }
 @String{TransAMS = "Transactions of the American Mathematical Society" }
 @String{TransAMS = "Trans. Amer. Math. Soc." }

 %ACM
 @String{CACM = "Communications of the {ACM}" }
 @String{CACM = "Commun. {ACM}" }
 @String{CompServ = "Comput. Surveys" }
 @String{JACM = "J. ACM" }
 @String{ACMMathSoft = "{ACM} Transactions on Mathematical Software" }
 @String{ACMMathSoft = "{ACM} Trans. Math. Software" }
 @String{SIGNUM = "{ACM} {SIGNUM} Newsletter" }
 @String{SIGNUM = "{ACM} {SIGNUM} Newslett." }

 @String{AmerSocio = "American Journal of Sociology" }
 @String{AmerStatAssoc = "Journal of the American Statistical Association" }
 @String{AmerStatAssoc = "J. Amer. Statist. Assoc." }
 @String{ApplMathComp = "Applied Mathematics and Computation" }
 @String{ApplMathComp = "Appl. Math. Comput." }
 @String{AmerMathMonthly = "American Mathematical Monthly" }
 @String{AmerMathMonthly = "Amer. Math. Monthly" }
 @String{BIT = "{BIT}" }
 @String{BritStatPsych = "British Journal of Mathematical and Statistical
          Psychology" }
 @String{BritStatPsych = "Brit. J. Math. Statist. Psych." }
 @String{CanMathBull = "Canadian Mathematical Bulletin" }
 @String{CanMathBull = "Canad. Math. Bull." }
 @String{CompApplMath = "Journal of Computational and Applied Mathematics" }
 @String{CompApplMath = "J. Comput. Appl. Math." }
 @String{CompPhys = "Journal of Computational Physics" }
 @String{CompPhys = "J. Comput. Phys." }
 @String{CompStruct = "Computers and Structures" }
 @String{CompStruct = "Comput. \& Structures" }
 @String{CompJour = "The Computer Journal" }
 @String{CompJour = "Comput. J." }
 @String{CompSysSci = "Journal of Computer and System Sciences" }
 @String{CompSysSci = "J. Comput. System Sci." }
 @String{Computing = "Computing" }
 @String{ContempMath = "Contemporary Mathematics" }
 @String{ContempMath = "Contemp. Math." }
 @String{Crelle = "Crelle's Journal" }
 @String{GiornaleMath = "Giornale di Mathematiche" }
 @String{GiornaleMath = "Giorn. Mat." } % didn't find in AMS MR., ibid.

 %IEEE
 @String{Computer = "{IEEE} Computer" }
 @String{IEEETransComp = "{IEEE} Transactions on Computers" }
 @String{IEEETransComp = "{IEEE} Trans. Comput." }
 @String{IEEETransAC = "{IEEE} Transactions on Automatic Control" }
 @String{IEEETransAC = "{IEEE} Trans. Automat. Control" }
 @String{IEEESpec = "{IEEE} Spectrum" } % didn't find in AMS MR
 @String{ProcIEEE = "Proceedings of the {IEEE}" }
 @String{ProcIEEE = "Proc. {IEEE}" } % didn't find in AMS MR
 @String{IEEETransAeroElec = "{IEEE} Transactions on Aerospace and Electronic
     Systems" }
 @String{IEEETransAeroElec = "{IEEE} Trans. Aerospace Electron. Systems" }

 @String{IMANumerAna = "{IMA} Journal of Numerical Analysis" }
 @String{IMANumerAna = "{IMA} J. Numer. Anal." }
 @String{InfProcLet = "Information Processing Letters" }
 @String{InfProcLet = "Inform. Process. Lett." }
 @String{InstMathApp = "Journal of the Institute of Mathematics and
     its Applications" }
 @String{InstMathApp = "J. Inst. Math. Appl." }
 @String{IntControl = "International Journal of Control" }
 @String{IntControl = "Internat. J. Control" }
 @String{IntNumerEng = "International Journal for Numerical Methods in
     Engineering" }
 @String{IntNumerEng = "Internat. J. Numer. Methods Engrg." }
 @String{IntSuper = "International Journal of Supercomputing Applications" }
 @String{IntSuper = "Internat. J. Supercomputing Applic." } % didn't find
%% in AMS MR
 @String{Kibernetika = "Kibernetika" }
 @String{JResNatBurStand = "Journal of Research of the National Bureau
     of Standards" }
 @String{JResNatBurStand = "J. Res. Nat. Bur. Standards" }
 @String{LinAlgApp = "Linear Algebra and its Applications" }
 @String{LinAlgApp = "Linear Algebra Appl." }
 @String{MathAnaAppl = "Journal of Mathematical Analysis and Applications" }
 @String{MathAnaAppl = "J. Math. Anal. Appl." }
 @String{MathAnnalen = "Mathematische Annalen" }
 @String{MathAnnalen = "Math. Ann." }
 @String{MathPhys = "Journal of Mathematical Physics" }
 @String{MathPhys = "J. Math. Phys." }
 @String{MathComp = "Mathematics of Computation" }
 @String{MathComp = "Math. Comp." }
 @String{MathScand = "Mathematica Scandinavica" }
 @String{MathScand = "Math. Scand." }
 @String{TablesAidsComp = "Mathematical Tables and Other Aids to Computation" }
 @String{TablesAidsComp = "Math. Tables Aids Comput." }
 @String{NumerMath = "Numerische Mathematik" }
 @String{NumerMath = "Numer. Math." }
 @String{PacificMath = "Pacific Journal of Mathematics" }
 @String{PacificMath = "Pacific J. Math." }
 @String{ParDistComp = "Journal of Parallel and Distributed Computing" }
 @String{ParDistComp = "J. Parallel and Distrib. Comput." } % didn't find
%% in AMS MR
 @String{ParComputing = "Parallel Computing" }
 @String{ParComputing = "Parallel Comput." }
 @String{PhilMag = "Philosophical Magazine" }
 @String{PhilMag = "Philos. Mag." }
 @String{ProcNAS = "Proceedings of the National Academy of Sciences
                    of the USA" }
 @String{ProcNAS = "Proc. Nat. Acad. Sci. U. S. A." }
 @String{Psychometrika = "Psychometrika" }
 @String{QuartMath = "Quarterly Journal of Mathematics, Oxford, Series (2)" }
 @String{QuartMath = "Quart. J. Math. Oxford Ser. (2)" }
 @String{QuartApplMath = "Quarterly of Applied Mathematics" }
 @String{QuartApplMath = "Quart. Appl. Math." }
 @String{RevueInstStat = "Review of the International Statisical Institute" }
 @String{RevueInstStat = "Rev. Inst. Internat. Statist." }

 %SIAM
 @String{JSIAM = "Journal of the Society for Industrial and Applied
     Mathematics" }
 @String{JSIAM = "J. Soc. Indust. Appl. Math." }
 @String{JSIAMB = "Journal of the Society for Industrial and Applied
     Mathematics, Series B, Numerical Analysis" }
 @String{JSIAMB = "J. Soc. Indust. Appl. Math. Ser. B Numer. Anal." }
 @String{SIAMAlgMeth = "{SIAM} Journal on Algebraic and Discrete Methods" }
 @String{SIAMAlgMeth = "{SIAM} J. Algebraic Discrete Methods" }
 @String{SIAMAppMath = "{SIAM} Journal on Applied Mathematics" }
 @String{SIAMAppMath = "{SIAM} J. Appl. Math." }
 @String{SIAMComp = "{SIAM} Journal on Computing" }
 @String{SIAMComp = "{SIAM} J. Comput." }
 @String{SIAMMatrix = "{SIAM} Journal on Matrix Analysis and Applications" }
 @String{SIAMMatrix = "{SIAM} J. Matrix Anal. Appl." }
 @String{SIAMNumAnal = "{SIAM} Journal on Numerical Analysis" }
 @String{SIAMNumAnal = "{SIAM} J. Numer. Anal." }
 @String{SIAMReview = "{SIAM} Review" }
 @String{SIAMReview = "{SIAM} Rev." }
 @String{SIAMSciStat = "{SIAM} Journal on Scientific and Statistical
     Computing" }
 @String{SIAMSciStat = "{SIAM} J. Sci. Statist. Comput." }

 @String{SoftPracExp = "Software Practice and Experience" }
 @String{SoftPracExp = "Software Prac. Experience" } % didn't find in AMS MR
 @String{StatScience = "Statistical Science" }
 @String{StatScience = "Statist. Sci." }
 @String{Techno = "Technometrics" }
 @String{USSRCompMathPhys = "{USSR} Computational Mathematics and Mathematical
     Physics" }
 @String{USSRCompMathPhys = "{U. S. S. R.} Comput. Math. and Math. Phys." }
 @String{VLSICompSys = "Journal of {VLSI} and Computer Systems" }
 @String{VLSICompSys = "J. {VLSI} Comput. Syst." }
 @String{ZAngewMathMech = "Zeitschrift fur Angewandte Mathematik und
     Mechanik" }
 @String{ZAngewMathMech = "Z. Angew. Math. Mech." }
 @String{ZAngewMathPhys = "Zeitschrift fur Angewandte Mathematik und Physik" }
 @String{ZAngewMathPhys = "Z. Angew. Math. Phys." }

% Publishers % ================================================= |

 @String{Academic = "Academic Press" }
 @String{ACMPress = "{ACM} Press" }
 @String{AdamHilger = "Adam Hilger" }
 @String{AddisonWesley = "Addison-Wesley" }
 @String{AllynBacon = "Allyn and Bacon" }
 @String{AMS = "American Mathematical Society" }
 @String{Birkhauser = "Birkha{\"u}ser" }
 @String{CambridgePress = "Cambridge University Press" }
 @String{Chelsea = "Chelsea" }
 @String{ClaredonPress = "Claredon Press" }
 @String{DoverPub = "Dover Publications" }
 @String{Eyolles = "Eyolles" }
 @String{HoltRinehartWinston = "Holt, Rinehart and Winston" }
 @String{Interscience = "Interscience" }
 @String{JohnsHopkinsPress = "The Johns Hopkins University Press" }
 @String{JohnWileySons = "John Wiley and Sons" }
 @String{Macmillan = "Macmillan" }
 @String{MathWorks = "The Math Works Inc." }
 @String{McGrawHill = "McGraw-Hill" }
 @String{NatBurStd = "National Bureau of Standards" }
 @String{NorthHolland = "North-Holland" }
 @String{OxfordPress = "Oxford University Press" }  %address Oxford or London?
 @String{PergamonPress = "Pergamon Press" }
 @String{PlenumPress = "Plenum Press" }
 @String{PrenticeHall = "Prentice-Hall" }
 @String{SIAMPub = "{SIAM} Publications" }
 @String{Springer = "Springer-Verlag" }
 @String{TexasPress = "University of Texas Press" }
 @String{VanNostrand = "Van Nostrand" }
 @String{WHFreeman = "W. H. Freeman and Co." }

%Entries


@inproceedings{vbase,
  author       = {Qianxi Zhang and
                  Shuotao Xu and
                  Qi Chen and
                  Guoxin Sui and
                  Jiadong Xie and
                  Zhizhen Cai and
                  Yaoqi Chen and
                  Yinxuan He and
                  Yuqing Yang and
                  Fan Yang and
                  Mao Yang and
                  Lidong Zhou},
  title        = {{VBASE:} Unifying Online Vector Similarity Search and Relational Queries
                  via Relaxed Monotonicity},
  booktitle    = {{OSDI}},
  pages        = {377--395},
  publisher    = {{USENIX} Association},
  year         = {2023}
}
@misc{VectorDBBench,
  author       = {Zilliz Tech},
  title        = {VectorDBBench: A Benchmark for Vector Databases},
  year         = {2024},
  howpublished = {\url{https://github.com/zilliztech/VectorDBBench}}
}


@inproceedings{pase,
  author       = {Wen Yang and
                  Tao Li and
                  Gai Fang and
                  Hong Wei},
  title        = {{PASE:} PostgreSQL Ultra-High-Dimensional Approximate Nearest Neighbor
                  Search Extension},
  booktitle    = {{SIGMOD} Conference},
  pages        = {2241--2253},
  publisher    = {{ACM}},
  year         = {2020}
}

@inproceedings{milvus,
  author       = {Jianguo Wang and
                  Xiaomeng Yi and
                  Rentong Guo and
                   et al.},
  title        = {Milvus: {A} Purpose-Built Vector Data Management System},
  booktitle    = {{SIGMOD} Conference},
  pages        = {2614--2627},
  publisher    = {{ACM}},
  year         = {2021}
}

@article{hnsw,
  author       = {Yury A. Malkov and
                  Dmitry A. Yashunin},
  title        = {Efficient and Robust Approximate Nearest Neighbor Search Using Hierarchical
                  Navigable Small World Graphs},
  journal      = {{IEEE} Trans. Pattern Anal. Mach. Intell.},
  volume       = {42},
  number       = {4},
  pages        = {824--836},
  year         = {2020}
}


@article{diskann,
  title={Diskann: Fast accurate billion-point nearest neighbor search on a single node},

  author={Jayaram Subramanya and Suhas Devvrit and Harsha Vardhan Simhadri and et al.},
  journal={Advances in neural information processing Systems},
  volume={32},
  year={2019}
}

@article{PQ,
  title={Product quantization for nearest neighbor search},
  author={Jegou, Herve and Douze, Matthijs and Schmid, Cordelia},
  journal={IEEE transactions on pattern analysis and machine intelligence},
  volume={33},
  number={1},
  pages={117--128},
  year={2010},
  publisher={IEEE}
}

@article{faiss,
  author       = {Matthijs Douze and
                  Alexandr Guzhva and
                  Chengqi Deng and
                  et al.},
  title        = {The Faiss library},
  journal      = {CoRR},
  volume       = {abs/2401.08281},
  year         = {2024}
}

@article{HQI,
  author       = {Jason Mohoney and
                  Anil Pacaci and
                  Shihabur Rahman Chowdhury and
                  Ali Mousavi and
                  Ihab F. Ilyas and
                  Umar Farooq Minhas and
                  Jeffrey Pound and
                  Theodoros Rekatsinas},
  title        = {High-Throughput Vector Similarity Search in Knowledge Graphs},
  journal      = {Proc. {ACM} Manag. Data},
  volume       = {1},
  number       = {2},
  pages        = {197:1--197:25},
  year         = {2023}
}

@article{iRangeGraph,
  author       = {Yuexuan Xu and
                  Jianyang Gao and
                  Yutong Gou and
                  Cheng Long and
                  Christian S. Jensen},
  title        = {iRangeGraph: Improvising Range-dedicated Graphs for Range-filtering
                  Nearest Neighbor Search},
  journal      = {Proc. {ACM} Manag. Data},
  volume       = {2},
  number       = {6},
  pages        = {239:1--239:26},
  year         = {2024}
}

@article{serf,
  author       = {Chaoji Zuo and
                  Miao Qiao and
                  Wenchao Zhou and
                  Feifei Li and
                  Dong Deng},
  title        = {SeRF: Segment Graph for Range-Filtering Approximate Nearest Neighbor
                  Search},
  journal      = {Proc. {ACM} Manag. Data},
  volume       = {2},
  number       = {1},
  pages        = {69:1--69:26},
  year         = {2024}
}

@article{UNG,
  author       = {Yuzheng Cai and
                  Jiayang Shi and
                  Yizhuo Chen and
                  Weiguo Zheng},
  title        = {Navigating Labels and Vectors: {A} Unified Approach to Filtered Approximate
                  Nearest Neighbor Search},
  journal      = {Proc. {ACM} Manag. Data},
  volume       = {2},
  number       = {6},
  pages        = {246:1--246:27},
  year         = {2024}
}

@inproceedings{Filtered-diskann,
  author       = {Siddharth Gollapudi and
                  Neel Karia and
                  Varun Sivashankar and
                  Ravishankar Krishnaswamy and
                  Nikit Begwani and
                  Swapnil Raz and
                  Yiyong Lin and
                  Yin Zhang and
                  Neelam Mahapatro and
                  Premkumar Srinivasan and
                  Amit Singh and
                  Harsha Vardhan Simhadri},
  title        = {Filtered-DiskANN: Graph Algorithms for Approximate Nearest Neighbor
                  Search with Filters},
  booktitle    = {{WWW}},
  pages        = {3406--3416},
  publisher    = {{ACM}},
  year         = {2023}
}

@article{CAPS,
  author       = {Gaurav Gupta and
                  Jonah Yi and
                  Benjamin Coleman and
                  Chen Luo and
                  Vihan Lakshman and
                  Anshumali Shrivastava},
  title        = {{CAPS:} {A} Practical Partition Index for Filtered Similarity Search},
  journal      = {CoRR},
  volume       = {abs/2308.15014},
  year         = {2023}
}

@article{UNIFY,
  author       = {Anqi Liang and
                  Pengcheng Zhang and
                  Bin Yao and
                  Zhongpu Chen and
                  Yitong Song and
                  Guangxu Cheng},
  title        = {{UNIFY:} Unified Index for Range Filtered Approximate Nearest Neighbors
                  Search},
  journal      = {CoRR},
  volume       = {abs/2412.02448},
  year         = {2024}
}


@inproceedings{LID2,
  author       = {Laurent Amsaleg and
                  Oussama Chelly and
                  Teddy Furon and
                  St{\'{e}}phane Girard and
                  Michael E. Houle and
                  Ken{-}ichi Kawarabayashi and
                  Michael Nett},
  title        = {Estimating Local Intrinsic Dimensionality},
  booktitle    = {{KDD}},
  pages        = {29--38},
  publisher    = {{ACM}},
  year         = {2015}
}

@article{Lid,
  author       = {Wen Li and
                  Ying Zhang and
                  Yifang Sun and
                  Wei Wang and
                  Mingjie Li and
                  Wenjie Zhang and
                  Xuemin Lin},
  title        = {Approximate Nearest Neighbor Search on High Dimensional Data - Experiments,
                  Analyses, and Improvement},
  journal      = {{IEEE} Trans. Knowl. Data Eng.},
  volume       = {32},
  number       = {8},
  pages        = {1475--1488},
  year         = {2020}
}
@inproceedings{NHQ,
  author       = {Mengzhao Wang and
                  Lingwei Lv and
                  Xiaoliang Xu and
                  Yuxiang Wang and
                  Qiang Yue and
                  Jiongkang Ni},
  title        = {An Efficient and Robust Framework for Approximate Nearest Neighbor
                  Search with Attribute Constraint},
  booktitle    = {NeurIPS},
  year         = {2023}
}
@inproceedings{winFilter,
  author       = {Mengzhao Wang and
                  Lingwei Lv and
                  Xiaoliang Xu and
                  Yuxiang Wang and
                  Qiang Yue and
                  Jiongkang Ni},
  title        = {An Efficient and Robust Framework for Approximate Nearest Neighbor
                  Search with Attribute Constraint},
  booktitle    = {NeurIPS},
  year         = {2023}
}
@article{DSG,
  title={Dynamic Range-Filtering Approximate Nearest Neighbor Search},
  author={Peng, Zhencan and Qiao, Miao and Zhou, Wenchao and Li, Feifei and Deng, Dong}
}
@inproceedings{dimcurse,
  author       = {Piotr Indyk and
                  Rajeev Motwani},
  title        = {Approximate Nearest Neighbors: Towards Removing the Curse of Dimensionality},
  booktitle    = {{STOC}},
  pages        = {604--613},
  publisher    = {{ACM}},
  year         = {1998}
}
@inproceedings{oodgap,
  author       = {Weixin Liang and
                  Yuhui Zhang and
                  Yongchan Kwon and
                  Serena Yeung and
                  James Y. Zou},
  title        = {Mind the Gap: Understanding the Modality Gap in Multi-modal Contrastive
                  Representation Learning},
  booktitle    = {NeurIPS},
  year         = {2022}
}

@article{ood-yourdataisnotperfect,
  author       = {Xiang Fang and
                  Arvind Easwaran and
                  Blaise Genest and
                  Ponnuthurai Nagaratnam Suganthan},
  title        = {Your Data Is Not Perfect: Towards Cross-Domain Out-of-Distribution
                  Detection in Class-Imbalanced Data},
  journal      = {CoRR},
  volume       = {abs/2412.06284},
  year         = {2024}
}

@article{ood-mindthegap,
  title={Mind the gap: Understanding the modality gap in multi-modal contrastive representation learning},
  author={Liang, Victor Weixin and Zhang, Yuhui and Kwon, Yongchan and Yeung, Serena and Zou, James Y},
  journal={Advances in Neural Information Processing Systems},
  volume={35},
  pages={17612--17625},
  year={2022}
}
@article{tian2023approximate,
  author       = {Yao Tian and
                  Ziyang Yue and
                  Ruiyuan Zhang and
                  Xi Zhao and
                  Bolong Zheng and
                  Xiaofang Zhou},
  title        = {Approximate Nearest Neighbor Search in High Dimensional Vector Databases:
                  Current Research and Future Directions},
  journal      = {{IEEE} Data Eng. Bull.},
  volume       = {46},
  number       = {3},
  pages        = {39--54},
  year         = {2023}
}

@misc{puck,
  author = {Baidu},
  title = {Puck: A High-Performance ANN Search Framework},
  howpublished = {\url{https://github.com/baidu/puck}},
  year = {2023},
}


@article{bigann2023,
  author       = {Harsha Vardhan Simhadri and
                  Martin Aum{\"{u}}ller and
                  Amir Ingber and
                   et al.},
  title        = {Results of the Big {ANN:} NeurIPS'23 competition},
  journal      = {CoRR},
  volume       = {abs/2409.17424},
  year         = {2024}
}

@article{ACORN,
  author       = {Liana Patel and
                  Peter Kraft and
                  Carlos Guestrin and
                  Matei Zaharia},
  title        = {{ACORN:} Performant and Predicate-Agnostic Search Over Vector Embeddings
                  and Structured Data},
  journal      = {Proc. {ACM} Manag. Data},
  volume       = {2},
  number       = {3},
  pages        = {120},
  year         = {2024}
}
@article{analyticdb,
  author       = {Chuangxian Wei and
                  Bin Wu and
                  Sheng Wang and
                  Renjie Lou and
                  Chaoqun Zhan and
                  Feifei Li and
                  Yuanzhe Cai},
  title        = {AnalyticDB-V: {A} Hybrid Analytical Engine Towards Query Fusion for
                  Structured and Unstructured Data},
  journal      = {Proc. {VLDB} Endow.},
  volume       = {13},
  number       = {12},
  pages        = {3152--3165},
  year         = {2020}
}

@misc{filteredVectorSearch,
  title={Filtered Vector Search},
  author={{Weaviate}},
  year={n. d.},
  howpublished={\url{https://weaviate.io/developers/weaviate/concepts/prefiltering}},
  note={Accessed: 2023-03-21}
}
@article{monolith,
  author       = {Zhuoran Liu and
                  Leqi Zou and
                  Xuan Zou and
                  Caihua Wang and
                  Biao Zhang and
                  Da Tang and
                  Bolin Zhu and
                  Yijie Zhu and
                  Peng Wu and
                  Ke Wang and
                  Youlong Cheng},
  title        = {Monolith: Real Time Recommendation System With Collisionless Embedding
                  Table},
  journal      = {CoRR},
  volume       = {abs/2209.07663},
  year         = {2022}
}


@inproceedings{Airbnb,
  author       = {Malay Haldar and
                  Mustafa Abdool and
                  Prashant Ramanathan and
                  Tao Xu and
                  Shulin Yang and
                  Huizhong Duan and
                  Qing Zhang and
                  Nick Barrow{-}Williams and
                  Bradley C. Turnbull and
                  Brendan M. Collins and
                  Thomas Legrand},
  title        = {Applying Deep Learning to Airbnb Search},
  booktitle    = {{KDD}},
  pages        = {1927--1935},
  publisher    = {{ACM}},
  year         = {2019}
}



@inproceedings{Related_Pins_at_Pinterest,
  author       = {David C. Liu and
                  Stephanie Kaye Rogers and
                  Raymond Shiau and
                  Dmitry Kislyuk and
                  Kevin C. Ma and
                  Zhigang Zhong and
                  Jenny Liu and
                  Yushi Jing},
  title        = {Related Pins at Pinterest: The Evolution of a Real-World Recommender
                  System},
  booktitle    = {{WWW} (Companion Volume)},
  pages        = {583--592},
  publisher    = {{ACM}},
  year         = {2017}
}
@inproceedings{okura2017embedding,
  author       = {Shumpei Okura and
                  Yukihiro Tagami and
                  Shingo Ono and
                  Akira Tajima},
  title        = {Embedding-based News Recommendation for Millions of Users},
  booktitle    = {{KDD}},
  pages        = {1933--1942},
  publisher    = {{ACM}},
  year         = {2017}
}
@article{pal2020pinnersage,
  author       = {Aditya Pal and
                  Chantat Eksombatchai and
                  Yitong Zhou and
                  Bo Zhao and
                  Charles Rosenberg and
                  Jure Leskovec},
  title        = {PinnerSage: Multi-Modal User Embedding Framework for Recommendations
                  at Pinterest},
  journal      = {CoRR},
  volume       = {abs/2007.03634},
  year         = {2020}
}
@article{wang2018billion,
  author       = {Jizhe Wang and
                  Pipei Huang and
                  Huan Zhao and
                  Zhibo Zhang and
                  Binqiang Zhao and
                  Dik Lun Lee},
  title        = {Billion-scale Commodity Embedding for E-commerce Recommendation in
                  Alibaba},
  journal      = {CoRR},
  volume       = {abs/1803.02349},
  year         = {2018}
}
@inproceedings{wang2012scalable,
  author       = {Jing Wang and
                  Jingdong Wang and
                  Gang Zeng and
                  Zhuowen Tu and
                  Rui Gan and
                  Shipeng Li},
  title        = {Scalable k-NN graph construction for visual descriptors},
  booktitle    = {{CVPR}},
  pages        = {1106--1113},
  publisher    = {{IEEE} Computer Society},
  year         = {2012}
}

@inproceedings{JD-e-commerce,
  author       = {Jie Li and
                  Haifeng Liu and
                  Chuanghua Gui and
                  Jianyu Chen and
                  Zhenyuan Ni and
                  Ning Wang and
                  Yuan Chen},
  title        = {The Design and Implementation of a Real Time Visual Search System
                  on {JD} E-commerce Platform},
  booktitle    = {Middleware Industry},
  pages        = {9--16},
  publisher    = {{ACM}},
  year         = {2018}
}
@inproceedings{vo2019composing,
  author       = {Nam Vo and
                  Lu Jiang and
                  Chen Sun and
                  Kevin Murphy and
                  Li{-}Jia Li and
                  Li Fei{-}Fei and
                  James Hays},
  title        = {Composing Text and Image for Image Retrieval - an Empirical Odyssey},
  booktitle    = {{CVPR}},
  pages        = {6439--6448},
  publisher    = {Computer Vision Foundation / {IEEE}},
  year         = {2019}
}

@inproceedings{qin2021highdimensional,
  author       = {Jianbin Qin and
                  Wei Wang and
                  Chuan Xiao and
                  Ying Zhang and
                  Yaoshu Wang},
  title        = {High-Dimensional Similarity Query Processing for Data Science},
  booktitle    = {{KDD}},
  pages        = {4062--4063},
  publisher    = {{ACM}},
  year         = {2021}
}
@inproceedings{silpaanan2008optimised,
  author       = {Chanop Silpa{-}Anan and
                  Richard I. Hartley},
  title        = {Optimised KD-trees for fast image descriptor matching},
  booktitle    = {{CVPR}},
  publisher    = {{IEEE} Computer Society},
  year         = {2008}
}
@article{arora2018hdindex,
  author       = {Akhil Arora and
                  Sakshi Sinha and
                  Piyush Kumar and
                  Arnab Bhattacharya},
  title        = {HD-Index: Pushing the Scalability-Accuracy Boundary for Approximate
                  kNN Search in High-Dimensional Spaces},
  journal      = {Proc. {VLDB} Endow.},
  volume       = {11},
  number       = {8},
  pages        = {906--919},
  year         = {2018}
}
@article{muja2014scalable,
  author       = {Marius Muja and
                  David G. Lowe},
  title        = {Scalable Nearest Neighbor Algorithms for High Dimensional Data},
  journal      = {{IEEE} Trans. Pattern Anal. Mach. Intell.},
  volume       = {36},
  number       = {11},
  pages        = {2227--2240},
  year         = {2014}
}
@article{gong2020idec,
  author       = {Long Gong and
                  Huayi Wang and
                  Mitsunori Ogihara and
                  Jun Xu},
  title        = {iDEC: Indexable Distance Estimating Codes for Approximate Nearest
                  Neighbor Search},
  journal      = {Proc. {VLDB} Endow.},
  volume       = {13},
  number       = {9},
  pages        = {1483--1497},
  year         = {2020}
}

@inproceedings{li2020ioefficient,
  title={I/O efﬁcient approximate nearest neighbour search based on learned functions},
  author={Li, M. and Zhang, Y. and Sun, Y. and Wang, W. and Tsang, I. W. and Lin, X.},
  booktitle={Proceedings of the IEEE International Conference on Data Engineering (ICDE)},
  pages={289--300},
  year={2020}
}

@inproceedings{guo2020accelerating,
  author       = {Ruiqi Guo and
                  Philip Sun and
                  Erik Lindgren and
                  Quan Geng and
                  David Simcha and
                  Felix Chern and
                  Sanjiv Kumar},
  title        = {Accelerating Large-Scale Inference with Anisotropic Vector Quantization},
  booktitle    = {{ICML}},
  series       = {Proceedings of Machine Learning Research},
  volume       = {119},
  pages        = {3887--3896},
  publisher    = {{PMLR}},
  year         = {2020}
}
@article{andre2015cache,
  author       = {Fabien Andr{\'{e}} and
                  Anne{-}Marie Kermarrec and
                  Nicolas Le Scouarnec},
  title        = {Cache locality is not enough: High-Performance Nearest Neighbor Search
                  with Product Quantization Fast Scan},
  journal      = {Proc. {VLDB} Endow.},
  volume       = {9},
  number       = {4},
  pages        = {288--299},
  year         = {2015}
}

@inproceedings{benchmarkindex,
  author       = {Martin Aum{\"{u}}ller and
                  Matteo Ceccarello},
  title        = {Benchmarking Nearest Neighbor Search: Influence of Local Intrinsic
                  Dimensionality and Result Diversity in Real-World Datasets},
  booktitle    = {EDML@SDM},
  series       = {{CEUR} Workshop Proceedings},
  volume       = {2436},
  pages        = {14--23},
  publisher    = {CEUR-WS.org},
  year         = {2019}
}


@article{fu2021high,
  author       = {Cong Fu and
                  Changxu Wang and
                  Deng Cai},
  title        = {High Dimensional Similarity Search With Satellite System Graph: Efficiency,
                  Scalability, and Unindexed Query Compatibility},
  journal      = {{IEEE} Trans. Pattern Anal. Mach. Intell.},
  volume       = {44},
  number       = {8},
  pages        = {4139--4150},
  year         = {2022}
}

@article{malkov2020efficient,
  author       = {Yury A. Malkov and
                  Dmitry A. Yashunin},
  title        = {Efficient and Robust Approximate Nearest Neighbor Search Using Hierarchical
                  Navigable Small World Graphs},
  journal      = {{IEEE} Trans. Pattern Anal. Mach. Intell.},
  volume       = {42},
  number       = {4},
  pages        = {824--836},
  year         = {2020}
}

@inproceedings{ren2020hmann,
  author       = {Jie Ren and
                  Minjia Zhang and
                  Dong Li},
  title        = {{HM-ANN:} Efficient Billion-Point Nearest Neighbor Search on Heterogeneous
                  Memory},
  booktitle    = {NeurIPS},
  year         = {2020}
}

@article{compare,
  author       = {Mengzhao Wang and
                  Xiaoliang Xu and
                  Qiang Yue and
                  Yuxiang Wang},
  title        = {A Comprehensive Survey and Experimental Comparison of Graph-Based
                  Approximate Nearest Neighbor Search},
  journal      = {Proc. {VLDB} Endow.},
  volume       = {14},
  number       = {11},
  pages        = {1964--1978},
  year         = {2021}
}
@article{survey,
  author       = {James Jie Pan and
                  Jianguo Wang and
                  Guoliang Li},
  title        = {Survey of vector database management systems},
  journal      = {{VLDB} J.},
  volume       = {33},
  number       = {5},
  pages        = {1591--1615},
  year         = {2024}
}
@article{AIRSHIP,
  author       = {Weijie Zhao and
                  Shulong Tan and
                  Ping Li},
  title        = {Constrained Approximate Similarity Search on Proximity Graph},
  journal      = {CoRR},
  volume       = {abs/2210.14958},
  year         = {2022}
}
@inproceedings{HQANN,
  author       = {Wei Wu and
                  Junlin He and
                  Yu Qiao and
                  Guoheng Fu and
                  Li Liu and
                  Jin Yu},
  title        = {{HQANN:} Efficient and Robust Similarity Search for Hybrid Queries
                  with Structured and Unstructured Constraints},
  booktitle    = {{CIKM}},
  pages        = {4580--4584},
  publisher    = {{ACM}},
  year         = {2022}
}

@misc{postgresql13.4,
  author = {{PostgreSQL Global Development Group}},
  title = {{PostgreSQL}},
  version = {13.4},
  howpublished = {\url{https://github.com/postgres/postgres/tree/REL_13_4}},
  year = {2020}
}

@article{glove,
  author       = {Wen Li and
                  Ying Zhang and
                  Yifang Sun and
                  Wei Wang and
                  Mingjie Li and
                  Wenjie Zhang and
                  Xuemin Lin},
  title        = {Approximate Nearest Neighbor Search on High Dimensional Data - Experiments,
                  Analyses, and Improvement},
  journal      = {{IEEE} Trans. Knowl. Data Eng.},
  volume       = {32},
  number       = {8},
  pages        = {1475--1488},
  year         = {2020}
}

@article{nsw,
  author       = {Yury Malkov and
                  Alexander Ponomarenko and
                  Andrey Logvinov and
                  Vladimir Krylov},
  title        = {Approximate nearest neighbor algorithm based on navigable small world
                  graphs},
  journal      = {Inf. Syst.},
  volume       = {45},
  pages        = {61--68},
  year         = {2014}
}

@inproceedings{spann,
  author       = {Qi Chen and
                  Bing Zhao and
                  Haidong Wang and
                  Mingqin Li and
                  Chuanjie Liu and
                  Zengzhong Li and
                  Mao Yang and
                  Jingdong Wang},
  title        = {{SPANN:} Highly-efficient Billion-scale Approximate Nearest Neighborhood
                  Search},
  booktitle    = {NeurIPS},
  pages        = {5199--5212},
  year         = {2021}
}

@misc{sptag,
  author = {Qi Chen and Haidong Wang and Mingqin Li and Gang Ren and Scarlett Li and Jeffery Zhu and Jason Li and Chuanjie Liu and Lintao Zhang and Jingdong Wang},
  title = {SPTAG: A library for fast approximate nearest neighbor search},
  year = {2018},
  howpublished = {\url{https://github.com/microsoft/SPTAG}},
}

@inproceedings{1998approximate,
  author       = {Piotr Indyk and
                  Rajeev Motwani},
  title        = {Approximate Nearest Neighbors: Towards Removing the Curse of Dimensionality},
  booktitle    = {{STOC}},
  pages        = {604--613},
  publisher    = {{ACM}},
  year         = {1998}
}

@inproceedings{1998approximate,
  author       = {Piotr Indyk and
                  Rajeev Motwani},
  title        = {Approximate Nearest Neighbors: Towards Removing the Curse of Dimensionality},
  booktitle    = {{STOC}},
  pages        = {604--613},
  publisher    = {{ACM}},
  year         = {1998}
}

@inproceedings{1998quantitative,
  author       = {Roger Weber and
                  Hans{-}J{\"{o}}rg Schek and
                  Stephen Blott},
  title        = {A Quantitative Analysis and Performance Study for Similarity-Search
                  Methods in High-Dimensional Spaces},
  booktitle    = {{VLDB}},
  pages        = {194--205},
  publisher    = {Morgan Kaufmann},
  year         = {1998}
}

@article{kd-tree,
  author       = {Jon Louis Bentley},
  title        = {Multidimensional Binary Search Trees Used for Associative Searching},
  journal      = {Commun. {ACM}},
  volume       = {18},
  number       = {9},
  pages        = {509--517},
  year         = {1975}
}

@article{balltree,
  title={Five balltree construction algorithms},
  author={Omohundro, Stephen M},
  year={1989},
  publisher={Citeseer}
}

@article{2017billion,
  author       = {Jeff Johnson and
                  Matthijs Douze and
                  Herv{\'{e}} J{\'{e}}gou},
  title        = {Billion-Scale Similarity Search with GPUs},
  journal      = {{IEEE} Trans. Big Data},
  volume       = {7},
  number       = {3},
  pages        = {535--547},
  year         = {2021}
}
@misc{msong2011,
  author = {{Anon}},
  year = {2011},
  title = {Million Song Dataset Benchmarks},
  howpublished = {\url{http://www.ifs.tuwien.ac.at/mir/msd/}}
}

@misc{audio_unknown,
  author = {{Anon}},
  year = {unknown},
  title = {TIMIT Audio},
  howpublished = {\url{https://www.cs.princeton.edu/cass/demos.htm}}
}

@misc{sift2010,
  author = {{Anon}},
  year = {2010},
  title = {Datasets for approximate nearest neighbor search},
  howpublished = {\url{http://corpus-texmex.irisa.fr/}}
}

@misc{glove2015,
  author = {Pennington, Jeffrey and Socher, Richard and Manning, Christopher D.},
  year = {2015},
  title = {GloVe: Global Vectors for Word Representation},
  howpublished = {\url{https://nlp.stanford.edu/projects/glove/}}
}

@misc{enron2015,
  author = {Stewart, Russell and Manning, Christopher and Pennington, Jeffrey},
  year = {2015},
  title = {Enron Email Dataset},
  howpublished = {\url{https://www.cs.cmu.edu/~./enron/}}
}
@misc{wit_dataset,
  title={WIT: Wikipedia-based Image Text Dataset},
  url={https://github.com/google-research-datasets/wit}
}

@article{youtube8m_dataset,
  author       = {Sami Abu{-}El{-}Haija and
                  Nisarg Kothari and
                  Joonseok Lee and
                  Paul Natsev and
                  George Toderici and
                  Balakrishnan Varadarajan and
                  Sudheendra Vijayanarasimhan},
  title        = {YouTube-8M: {A} Large-Scale Video Classification Benchmark},
  journal      = {CoRR},
  volume       = {abs/1609.08675},
  year         = {2016}
}

@misc{yandex_deep_dataset,
  title={Benchmarks for Billion-Scale Similarity Search},
  author={Babenko, Artem and Lempitsky, Victor},
  year={2023}
}


@inproceedings{kgraph,
  author       = {Wei Dong and
                  Moses Charikar and
                  Kai Li},
  title        = {Efficient k-nearest neighbor graph construction for generic similarity
                  measures},
  booktitle    = {{WWW}},
  pages        = {577--586},
  publisher    = {{ACM}},
  year         = {2011}
}

@article{nsg,
  author       = {Cong Fu and
                  Chao Xiang and
                  Changxu Wang and
                  Deng Cai},
  title        = {Fast Approximate Nearest Neighbor Search With The Navigating Spreading-out
                  Graph},
  journal      = {Proc. {VLDB} Endow.},
  volume       = {12},
  number       = {5},
  pages        = {461--474},
  year         = {2019}
}

@inproceedings{fanng,
  author       = {Ben Harwood and
                  Tom Drummond},
  title        = {{FANNG:} Fast Approximate Nearest Neighbour Graphs},
  booktitle    = {{CVPR}},
  pages        = {5713--5722},
  publisher    = {{IEEE} Computer Society},
  year         = {2016}
}

@inproceedings{ngt,
  author       = {Masajiro Iwasaki},
  title        = {Pruned Bi-directed K-nearest Neighbor Graph for Proximity Search},
  booktitle    = {{SISAP}},
  series       = {Lecture Notes in Computer Science},
  volume       = {9939},
  pages        = {20--33},
  year         = {2016}
}
@article{cover1967nearest,
  title={Nearest neighbor pattern classification},
  author={Cover, Thomas and Hart, Peter},
  journal={IEEE transactions on information theory},
  volume={13},
  number={1},
  pages={21--27},
  year={1967},
  publisher={IEEE}
}

@inproceedings{weber1998quantitative,
  author       = {Roger Weber and
                  Hans{-}J{\"{o}}rg Schek and
                  Stephen Blott},
  title        = {A Quantitative Analysis and Performance Study for Similarity-Search
                  Methods in High-Dimensional Spaces},
  booktitle    = {{VLDB}},
  pages        = {194--205},
  publisher    = {Morgan Kaufmann},
  year         = {1998}
}
@article{arya1998optimal,
  author       = {Sunil Arya and
                  David M. Mount and
                  Nathan S. Netanyahu and
                  Ruth Silverman and
                  Angela Y. Wu},
  title        = {An Optimal Algorithm for Approximate Nearest Neighbor Searching Fixed
                  Dimensions},
  journal      = {J. {ACM}},
  volume       = {45},
  number       = {6},
  pages        = {891--923},
  year         = {1998}
}
@inproceedings{beis1997shape,
  author       = {Jeffrey S. Beis and
                  David G. Lowe},
  title        = {Shape Indexing Using Approximate Nearest-Neighbour Search in High-Dimensional
                  Spaces},
  booktitle    = {{CVPR}},
  pages        = {1000--1006},
  publisher    = {{IEEE} Computer Society},
  year         = {1997}
}
@inproceedings{gionis1999similarity,
  author       = {Aristides Gionis and
                  Piotr Indyk and
                  Rajeev Motwani},
  title        = {Similarity Search in High Dimensions via Hashing},
  booktitle    = {{VLDB}},
  pages        = {518--529},
  publisher    = {Morgan Kaufmann},
  year         = {1999}
}
@article{malkov2018efficient,
  author       = {Yury A. Malkov and
                  Dmitry A. Yashunin},
  title        = {Efficient and Robust Approximate Nearest Neighbor Search Using Hierarchical
                  Navigable Small World Graphs},
  journal      = {{IEEE} Trans. Pattern Anal. Mach. Intell.},
  volume       = {42},
  number       = {4},
  pages        = {824--836},
  year         = {2020}
}
@article{johnson2019billion,
  author       = {Jeff Johnson and
                  Matthijs Douze and
                  Herv{\'{e}} J{\'{e}}gou},
  title        = {Billion-Scale Similarity Search with GPUs},
  journal      = {{IEEE} Trans. Big Data},
  volume       = {7},
  number       = {3},
  pages        = {535--547},
  year         = {2021}
}
@misc{texttoimage,
	author={Dmitry Baranchuk, Artem Babenko},
	url={https://research.yandex.com/datasets/text-to-image-dataset-for-billion-scale-similarity-search},
	title={Text-to-Image dataset for billion-scale similarity search},
	year={2021},
	lastaccessed = {August 23, 2023}
}
@article{azizi2025graph,
	author       = {Ilias Azizi and Karima Echihabi and Themis Palpanas},
	title        = {Graph-based Vector Search: An Experimental Evaluation of the State-of-the-Art},
	journal      = {Proc. {ACM} Manag. Data},
	volume       = {3},
	number       = {1},
	pages        = {1--31},
	year         = {2025},
	publisher    = {{ACM}}
}


